@techreport{cite1,
   author = {Shahabeddin Abhari, Sharareh R. Niakan Kalhori, Mehdi Ebrahimi, Hajar Hasannejadasl, Ali Garavand},
   title = {Artificial Intelligence Applications in Type 2 Diabetes Mellitus Care: Focus on Machine Learning Methods},
   year = {2019},
   type = {Report}
}

@techreport{cite2,
	author = {Amisha, Paras Malik, Monika Pathania, Vyas Kumar Rathaur},
	title = {Overview of artificial intelligence in medicine},
	year = {2020},
	type = {Report}
}

@techreport{cite3,
	author = {Szu-Yeu Hu, Enrico Santus, Alexander W. Forsyth, Devvrat MalhotraID, Josh Haimson, Neal A. Chatterjee, Daniel B. Kramer, Regina Barzilay, James A. Tulsky, Charlotta Lindvall},
	title = {Can machine learning improve patient selection for cardiac resynchronization therapy?},
	year = {2019},
	type = {Report}
}

@techreport{cite4,
	author = {Felix Köpcke, Dorota Lubgan, Rainer Fietkau, Axel Scholler, Carla Nau, Michael Stürzl, Roland Croner, Hans-Ulrich Prokosch & Dennis Toddenroth},
	title = {Evaluating predictive modeling algorithms to assess patient eligibility for clinical trials from routine data},
	year = {2013},
	type = {Report}
}


@manual{diab,
	title  = "Diabetes Surveillance",
	author = "Robert Koch Institute",
	url    = "https://www.rki.de/DE/Content/Gesundheitsmonitoring/Studien/Diabetes_Surveillance/Diabetesbericht.pdf?__blob=publicationFile",
	year   = "2020"
}

@manual{uci,
	title  = "Diabetes 130 US hospitals for years 1999-2008",
	author = "UCI Machine Learning Repository",
	url    = "https://archive.ics.uci.edu/ml/datasets/diabetes+130-us+hospitals+for+years+1999-2008",
	year   = "1999-2008"
}

@manual{spahn,
	title  = "Spahn: „Nur wenn wir die Chancen der Digitalisierung nutzen, koennen wir die Patientenversorgung besser machen“,
	author = "Bundesgesundheitsministerium",
	url    = "https://www.bundesgesundheitsministerium.de/presse/interviews/interviews/wiwo-12042019.html",
	year   = "2019"
}